<?xml version="1.0" encoding="UTF-8"?><collection xmlns="http://www.loc.gov/MARC21/slim"><record><leader>00424nam--2200169-i-4500</leader><controlfield tag="001">000002724</controlfield><controlfield tag="002">20161230</controlfield><controlfield tag="005">20170121234613</controlfield><controlfield tag="008">060222s1000------------r-----000-0-eng-d</controlfield><datafield ind1=" " ind2=" " tag="100"><subfield code="a">Ahrendt, W. R</subfield></datafield><datafield ind1=" " ind2=" " tag="245"><subfield code="a">Automatic feedback control</subfield></datafield><datafield ind1=" " ind2=" " tag="260"><subfield code="a">New York</subfield><subfield code="b">Mcgraw-Hill</subfield><subfield code="c">1951</subfield></datafield><datafield ind1=" " ind2=" " tag="300"><subfield code="a">XIV + 412 p</subfield></datafield><datafield ind1=" " ind2=" " tag="500"><subfield code="a">(1-st Ed.2nd Impression)</subfield></datafield><datafield ind1=" " ind2=" " tag="700"><subfield code="a">Taplin, J. F</subfield></datafield><datafield ind1=" " ind2=" " tag="852"><subfield code="a">10268</subfield></datafield><datafield ind1=" " ind2=" " tag="CAT"><subfield code="a">SYS</subfield><subfield code="c">20170121</subfield><subfield code="h">234613</subfield></datafield></record></collection>